2414 4102
173 180 218 283 si
317 196 618 277 trement.
649 201 914 281 METAPH.

134 322 175 391 tle
194 318 317 404 pulchris
335 330 383 383 tot
402 314 457 408 licit
482 317 637 385 hominurn
657 318 832 398 sententiar,
851 334 910 386 nott
929 335 1003 399 quot
1016 325 1115 392 natio·

133 426 202 481 nes,
220 398 268 463 led
288 414 360 479 quot
377 411 501 477 capita,
533 402 597 482 quis
625 401 773 478 potaverit
794 419 883 465 unam
918 399 1111 487 innatamque

130 484 191 575 elle·
205 480 316 575 pulchri
335 476 536 571 aposomnes
556 480 730 548 notionem?
755 481 901 547 Praeterea
911 482 970 547 hac
979 484 1112 564 pulchri.

129 561 237 631 rodanis
255 574 339 625 notro
357 576 456 625 variat
476 582 529 640 pro
548 576 669 627 artatum
692 560 860 630 varietate.
882 562 1020 629 Tandem
1037 566 1107 635 idea

126 642 238 723 pulchri
253 638 354 731 'forma
374 641 508 721 quaedum
529 642 570 707 eli
590 641 691 708 animo
709 642 847 720 inscripta
868 687 880 720 ,
911 661 1049 726 tanquam
1071 650 1107 716 in

125 740 192 813 cera
211 717 231 783 fi
251 720 359 814 illum,
379 740 418 786 ao
440 723 500 801 ipsa
520 723 694 805 perceptio?
718 724 834 805 Nequit
856 724 912 788 hoc
933 726 1105 797 ultimuma

122 804 198 869 [ants
217 738 297 895 olet,
316 801 468 882 postquam
489 802 621 899 consistit
642 808 846 885 perceptiones
868 804 982 885 pulchri
1007 808 1104 876 varius

122 882 199 961 elie,
218 879 253 945 δι
272 881 488 953 inconstantes.
529 887 662 954 Pramum
685 908 758 955 vero
776 904 836 953 tam
867 888 906 951 ell
927 888 1109 970 absordum,

122 981 212 1044 qaam
233 963 330 1059 illud,
349 967 427 1055 unde
445 966 504 1041 ¹hoc
524 971 734 1052 consequitur,
755 969 892 1032 nimirum
918 984 1031 1032 meotes
1052 992 1110 1035 no·

124 1045 197 1111 slras
217 1042 301 1111 soille
320 1043 478 1125 aliquando
499 1049 641 1122 sapientes
662 1052 694 1115 δι
717 1053 836 1124 beatas,
858 1064 911 1107 rec
932 1046 962 1109 in
984 1064 1112 1128 corpora

128 1126 278 1207 detrusos,
297 1142 384 1207 qoam
404 1126 445 1188 oh
465 1128 589 1191 crimina
610 1131 706 1193 nescio
726 1146 789 1206 quae
812 1127 840 1190 io
861 1125 956 1190 ultera
972 1129 1031 1192 vita
1054 1133 1112 1196 ad.

127 1208 231 1275 tn'iie.
263 1206 341 1287 Qoae
360 1226 408 1269 me
429 1226 488 1269 non
511 1225 654 1274 moveor.
696 1208 795 1271 Prima
818 1206 878 1270 tluo
897 1207 1021 1273 relativa
1042 1213 1114 1289 pul.

166 1310 201 1357 re
221 1288 372 1373 spesiant,
392 1306 452 1351 non
474 1304 652 1365 commune,
672 1285 900 1353 oratiototam.
924 1289 1110 1359 Postremum

126 1372 169 1439 esi
189 1372 318 1453 ineptum
332 1388 354 1430 ε.
371 1368 431 1433 haet
451 1367 530 1431 enim
552 1365 618 1432 idea
641 1368 775 1446 pulchri,
804 1389 892 1448 quam
914 1390 1104 1439 communem

129 1452 212 1532 dixi,
240 1458 299 1516 hon
320 1448 415 1514 sorma
437 1446 579 1527 insculpta
599 1449 660 1526 eli,
681 1450 727 1515 sed
750 1454 898 1515 communi
922 1454 1036 1516 rarione
1058 1455 1109 1519 in.

127 1533 274 1600 formata.
303 1528 398 1595 Certe
419 1532 482 1595 idea
502 1529 702 1611 proportionis
723 1532 800 1624 inter
813 1532 873 1624 ¹hos
893 1552 1031 1596 numeros
1052 1556 1071 1613 9
1094 1558 1105 1601 ε

115 1612 1110 1785 ²istisints‘hhiih‘hlalliis?illihili

129 1777 276 1843 polirem:
299 1772 367 1837 sarrs
386 1777 425 1839 ell
448 1790 481 1838 ut
502 1775 579 1839 ratio
599 1773 633 1841 stt
654 1778 839 1851 eommunis,
859 1773 895 1839 ssu
913 1775 1107 1855 primaequae·

130 1861 198 1923 tltm
218 1852 332 1952 nollri,
362 1850 397 1919 δι
417 1855 516 1949 mnndi
538 1856 629 1935 ideae,
649 1876 686 1921 et
707 1857 810 1938 quibus
827 1857 996 1922 communia
1016 1859 1111 1924 ratio·

136 1941 183 2007 nis
202 1950 349 2005 axiomata
370 1938 580 2004 conficiantur.

146 2102 386 2187 tonsorium
408 2105 737 2165 propositiones
755 2103 1089 2179 onmosoetrroAE,

287 2204 302 2213 ⁴·
401 2188 456 2248 er
476 2184 830 2271 cosmosorfflcAEt

191 2336 248 2407 ST
272 2343 348 2424 apud
371 2342 607 2411 Mathematicus
627 2342 657 2407 in
687 2362 786 2413 more¹
802 2338 946 2419 positum,
977 2352 1011 2403 ut
1040 2340 1104 2417 poll

174 2468 179 2479 .
210 2423 416 2499 definitiones,
437 2426 585 2489 axiomata
605 2423 787 2496 statuantur,
821 2438 910 2499 atque
933 2417 1099 2499 pullulata,

123 2502 191 2569 lade
211 2525 283 2569 vero
304 2502 512 2583 propositiones
532 2503 782 2566 demonstrentur.
805 2500 898 2570 Nos,
919 2500 1104 2580 quandoqui-

122 2586 188 2649 dem
209 2585 242 2650 ἃ
265 2585 413 2651 axiomata
435 2581 643 2662 propositiones
666 2581 752 2657 suot,
771 2580 802 2642 δι
815 2581 870 2644 hoc
893 2596 1007 2646 tanturn
1022 2582 1099 2660 apud

122 2652 357 2731 Mathematicus
377 2664 452 2744 ipsos
472 2683 488 2728 a
507 2659 746 2753 propassionilus
765 2660 988 2737 discernuntur,
1019 2664 1100 2743 quod

122 2746 169 2811 ltae
186 2746 436 2813 demonstratione
456 2760 582 2825 egeant,
602 2763 662 2813 ooo
694 2742 771 2816 tlla‚·
802 2760 925 2821 utraque
958 2764 1018 2808 uuo
1047 2765 1100 2810 eo·

119 2826 247 2909 demque
264 2825 463 2915 propostrionis
482 2825 626 2891 vocabulo
647 2823 876 2916 appellabimus,
898 2821 931 2887 ἃ
951 2824 1103 2891 discretio·

118 2926 191 2975 nem
213 2912 296 2976 illam
318 2910 498 2977 reinmarum
518 2931 538 2972 a
554 2902 793 2987 propossriombus
823 2923 873 2970 aut
897 2906 1102 2986 theorematis,

118 3005 212 3071 qoam
236 2993 308 3058 olim
330 3009 535 3067 tenueramus,
555 2989 750 3052 omittendam
772 2987 940 3054 censemus.
981 2989 1038 3054 Sed
1058 2988 1102 3053 se·

114 3070 237 3153 mentia
258 3089 374 3141 rantum
395 3068 535 3153 pullulata
563 3068 792 3151 praemittemus.

382 3230 848 3302 POSTULATA.

124 3396 154 3465 1.
166 3394 417 3557 pHilosophari
437 3413 576 3493 oportere
594 3416 630 3459 et
651 3394 743 3473 ideis,
772 3413 846 3485 quas
872 3389 981 3482 habent
1001 3387 1099 3456 homi.

105 3526 109 3533 -
248 3500 317 3546 nes:
337 3494 401 3543 tota
421 3499 499 3545 enim
521 3476 608 3545 noslri
629 3478 758 3559 cognitio
768 3477 882 3542 ambitu
903 3472 1030 3537 idearum
1043 3494 1099 3538 no.

123 3556 248 3631 slusam
270 3562 460 3648 continetur,
482 3562 611 3640 adeoque
621 3574 774 3624 contentos
784 3558 840 3622 esle
849 3551 954 3620 debere
962 3573 996 3618 ea
1009 3555 1099 3620 scien-

125 3640 193 3723 tit,
208 3660 277 3723 uua
296 3664 333 3711 et
355 3639 518 3719 huiusmodi
539 3638 611 3709 ideis
628 3639 781 3710 nascitur.
820 3636 852 3704 Si
872 3635 936 3717 quis
956 3636 1046 3776 igitur
1066 3634 1098 3703 iu

148 3746 169 3771 ν
368 3738 371 3743 ·
992 3735 1056 3777 nr.
