2414 4102
143 211 185 279 aa
280 194 589 293 ELEMENT.
628 189 889 271 ΜΕΤΑΡΗ.

102 331 222 391 tamen,
237 305 454 399 ouaeeffeutias
475 312 649 395 respiciunt,
669 308 725 402 hag
737 311 808 390 sape
828 310 978 380 evidentia
998 314 1081 382 delli-

101 399 169 463 tuit
188 395 255 456 sunt
273 406 353 455 enlm
369 398 602 461 accommodate
614 391 742 456 euentus
762 412 862 457 rerum
872 392 1099 477 nominalistis,

100 493 170 554 quas
189 471 396 548 utplurimum
408 493 449 542 an
471 476 592 544 realibus
600 488 785 562 congruant,
805 473 989 552 ignoramus.
1012 477 1087 544 Nee

101 552 271 632 ineundum
293 550 335 616 est
355 554 420 624 ulla
442 556 589 621 hominum
612 552 751 616 rndnttrin
780 555 960 620 evidentiam
991 552 1084 621 Geo-

98 631 249 725 metrieam
272 632 386 702 lrabete
407 636 501 717 nulle,
521 631 688 708 usquedum
710 633 926 700 hontinesnihil
950 656 966 701 a
985 636 1013 701 se
1023 637 1084 702 hu·

98 730 178 780 mant
200 710 334 782 alienum
357 717 518 787 habebunt.
538 710 672 801 'Interea
694 714 760 782 sunt
783 716 875 794 tales,
895 716 998 796 quium
1017 717 1082 783 evi-

97 793 251 886 dentiores
272 813 444 884 nequeunt,
463 790 515 881 ulfi
536 791 659 883 tuique,
680 798 821 862 mortales
840 796 976 876 exigere.
998 796 1080 876 Quis

95 893 176 941 enon
200 880 296 946 talem
319 875 445 957 exegerit
462 869 640 952 suestram,
670 897 737 957 quae
758 878 905 942 mentium
938 879 1082 942 humana-

95 977 173 1034 rum,
185 960 377 1040 capacitatem
397 968 513 1017 ornnem
537 953 676 1034 superet?
711 960 759 1036 (a)
782 958 873 1035 Quod
894 955 914 1024 fi
934 958 1000 1039 quis
1020 958 1082 1026 hae

96 1058 293 1120 contemnat,
313 1053 363 1104 aut
381 1031 474 1096 rideat
497 1031 745 1116 Philosophorum
767 1036 997 1116 confidentiam,
1016 1041 1081 1114 pri-

98 1141 183 1188 munt
204 1142 271 1186 eum
291 1136 362 1193 oto,
383 1126 415 1176 ut
437 1111 466 1178 se
485 1110 638 1181 hominem
660 1115 715 1180 elie
735 1117 926 1194 meminerit,
948 1120 1081 1196 necsne-

97 1220 146 1268 ret
167 1201 261 1282 polle,
281 1213 368 1287 quum
390 1191 502 1257 sensum
525 1195 709 1273 literatorum
731 1216 941 1274 communem,
959 1195 992 1259 de
1012 1219 1082 1279 quae

99 1283 215 1362 propria
236 1276 458 1352 elibonttnum,
480 1274 652 1356 seientiam,
673 1279 855 1356 neglexerit,
876 1278 1000 1344 meliora
1010 1280 1077 1346 adi-

101 1365 189 1442 pisei.
210 1355 325 1425 Deinde
346 1355 523 1446 Horatianis
545 1356 640 1422 verbis
660 1360 827 1437 compello.

175 1445 387 1528 ···.···.5'
409 1436 484 1517 quid
505 1433 613 1518 novisti
631 1437 738 1506 rectius
758 1436 823 1520 istis

170 1515 327 1584 eandsdns
345 1515 530 1597 impertitfi
552 1542 626 1599 non,
646 1519 695 1586 his
714 1539 794 1586 utere
813 1545 944 1586 mecum·
999 1543 1001 1547 ·
1087 1571 1089 1575 -

126 1593 319 1663 Praeterea&
342 1597 414 1662 iliud
436 1599 791 1679 animadvertatutvnlo,
809 1622 858 1665 me
880 1624 939 1665 non
960 1599 1077 1682 omnia,

90 1678 179 1748 etiam
194 1676 407 1768 minutissima,
429 1681 568 1759 persequi,
582 1680 612 1744 in
634 1680 735 1745 animo
756 1682 886 1745 habere:
910 1680 1081 1749 Elementa

88 1762 167 1828 enim
188 1756 300 1824 scribo.
324 1759 582 1840 Itaquepraecinua
596 1762 727 1841 quadam
749 1761 889 1841 attingo,
909 1759 1009 1840 &ea,
1030 1784 1069 1828 ex

89 1843 193 1926 quibus
211 1838 420 1931 lacilelludiofi
441 1842 655 1919 adolescentes,
676 1841 694 1905 fi
717 1843 777 1909 hacc
798 1843 832 1906 iis
854 1840 944 1907 studia
966 1843 1046 1908 artis
1059 1880 1075 1895 ·

63 1921 764 2081 -&sanislsilllllalllitiis
782 1921 1072 2080 stillatim

88 2085 157 2160 seo,
179 2080 468 2162 Philosophandum,
483 2082 537 2162 sed
554 2082 769 2166 paucistUunt
789 2084 869 2148 enim
893 2082 992 2146 haeres
1014 2081 1076 2146 hu-

87 2163 232 2243 jusmodi,
253 2179 285 2226 ut
306 2184 366 2242 quo
386 2167 501 2244 propius
520 2165 689 2243 accesseris,
718 2185 755 2228 eo
777 2163 832 2228 illae
856 2162 898 2226 sui
919 2162 1074 2226 immensi-

86 2260 148 2312 tate
167 2243 201 2308 tlt
222 2242 400 2311 obscuritate
421 2259 452 2310 te
473 2245 677 2328 vehementius
699 2267 749 2325 ner
769 2244 837 2311 auia
858 2243 1055 2350 deturbent&

439 2407 624 2476 CAP.
707 2404 735 2473 1.

170 2565 328 2634 Generalis
348 2563 479 2647 quadum
500 2565 691 2629 Thenremrca
710 2560 746 2626 de
768 2573 860 2644 Eme,
880 2563 1003 2642 Nihilo,

370 2641 527 2728 Poffihili,
547 2646 586 2708 (y
608 2639 804 2727 rmpnffibt'ti.

154 2818 226 2889 ttnp.
249 2807 276 2874 1.
298 2805 386 2872 &IL
408 2806 481 2871 Nun
504 2803 595 2883 norell
617 2805 695 2872 idem
716 2801 800 2870 smus
821 2805 877 2872 elle
897 2806 929 2870 ἃ
951 2826 1010 2871 non
1031 2808 1073 2874 es·

173 2890 219 2954 se:
254 2891 363 2968 Neque
384 2907 474 2952 unum
497 2886 632 2968 idemque
653 2908 703 2955 ens
723 2888 854 2954 cnollare
883 2888 1071 2968 attributis,

90 2989 137 3047 qu
177 2967 205 3035 se
226 2988 330 3034 mutuo
351 2969 521 3035 delituunt.

132 3049 273 3122 Scholion,
297 3053 367 3115 Duo
376 3048 436 3113 hren
446 3049 593 3114 axiomata
604 3065 711 3115 vocant
721 3043 888 3116 Scirolallici
895 3048 1074 3132 principium

91 3129 348 3197 contraditionis:
371 3149 439 3193 nam
451 3148 637 3196 contumaces
656 3128 959 3213 &relrasiariiquum
969 3133 1073 3198 omnia

6 3248 10 3255 =
95 3210 286 3290 negaverint,
317 3215 406 3278 etiarn
430 3211 579 3290 patentia,
613 3232 650 3276 eo
670 3213 850 3290 adiguntur,
880 3229 912 3274 ut
933 3209 997 3274 hacc
1015 3228 1070 3278 aut

93 3290 284 3373 negaretitt,
303 3310 353 3356 aut
375 3291 566 3370 admiserint,
586 3291 743 3360 contrariis
763 3290 962 3382 aliertioniltus
972 3289 1000 3355 se
1010 3290 1070 3356 irn-

95 3374 225 3452 plicent.
246 3371 377 3450 Magnus
398 3389 496 3443 autem
518 3393 619 3439 eorum
641 3373 706 3440 usus
725 3372 787 3450 eli,
807 3391 895 3454 quum
918 3388 948 3435 tn
970 3390 1069 3437 retum

91 3455 243 3524 existentia
261 3449 429 3534 statuenda,
450 3474 641 3537 tumqooque
661 3455 690 3525 iu
702 3473 804 3523 eorum
825 3453 956 3596 essenti}
968 3472 1071 3531 perv&

950 3552 1032 3613 tgan-

93 3635 249 3669 ··7··‚·-—-
260 3641 1076 3664 -uae—--n-A—-h--an-—ffl--t--n-

129 3687 178 3764 (ὃ)
197 3693 270 3758 Vide
289 3688 469 3775 Aristotelem
486 3695 544 3774 sas
566 3692 686 3760 initium
708 3691 842 3762 Ethiccs.

103 3976 114 4013 l

769 4034 820 4048 4
