2414 4102
982 236 1058 295 lsss

231 304 340 421 '22¹2
364 337 736 435 ,irssitirtalia-snndo·
969 336 972 340 ’

175 434 432 527 Myrmidonum,
456 429 670 523 Dolopumve,
690 447 746 499 atti
769 427 843 498 duri
864 429 953 498 miles
976 424 1079 523 Ulyffi
1105 456 1108 461 ·

116 527 338 610 mimenni
356 545 378 587 a
398 516 577 607 lacrymis?
707 516 712 535 '
851 569 856 587 .
1104 532 1113 560 ¹

89 698 156 858 fid·
170 718 247 768 euni
272 695 358 768 iiiiiic
386 716 448 784 ego
475 691 668 784 giganteum
696 713 848 768 nonatum
873 697 983 787 ²quoad
1013 694 1114 781 potii·

105 811 124 858 u

126 811 161 856 m
184 782 355 869 instingete
375 787 574 870 adgrediare
592 784 624 855 id
648 800 748 860 unum
772 784 807 854 in
827 784 876 854 his
900 781 1101 869 Metaphyfi·

90 896 137 943 oae
160 868 337 941 Elementis
358 871 482 955 spano.
509 872 589 941 Tuo
610 892 736 959 quoque
758 894 894 941 moveor
916 871 1066 958 exemplo
1088 908 1113 956 ,ι

92 957 175 1053 qui,
211 976 247 1027 iit
268 959 401 1026 mittam
423 959 488 1047 hoe
509 958 546 1026 in
568 959 648 1026 loco·
663 974 714 1028 tot
736 957 1025 1030 Ecclesiasticorum
1048 978 1101 1029 oa·

10 1110 17 1119 „
92 1067 213 1115 nonum
236 1047 419 1131 volumina,
449 1061 563 1132 totque
584 1047 752 1120 decretales
771 1045 942 1133 epistolas,
972 1045 1102 1134 inqui·

93 1136 148 1206 bus
169 1144 299 1205 morum
323 1149 476 1223 praecepta
496 1150 538 1201 eii
560 1132 770 1213 remotilsima
790 1133 945 1222 sapientia
967 1134 1102 1220 repetis,

91 1221 127 1290 iii
149 1221 189 1293 iis
211 1234 294 1293 certe
316 1220 428 1304 libris,
459 1240 539 1310 quos
560 1219 599 1289 oe
619 1222 776 1295 beatorum
798 1218 958 1296 hominnm
980 1216 1110 1289 canant:

93 1308 217 1394 rarione
237 1309 363 1378 summa
383 1331 458 1378 curii
480 1305 648 1396 scripsisti,¹
663 1311 696 1378 8(
718 1310 959 1380 Mitaculorum
980 1309 1111 1392 hostes,

92 1394 264 1483 inprimis
287 1396 488 1484 Spinozam,
516 1395 549 1464 8(
573 1394 821 1485 Prophetiamin
843 1399 1019 1479 derisores,
1061 1414 1104 1464 eit
1134 1448 1136 1454 ,

94 1481 288 1571 penitissima
310 1483 376 1573 ipsa
400 1481 642 1569 Metaphyfica‚
669 1501 740 1553 tam
758 1484 923 1571 muscose,
951 1492 1115 1568 tantaque·

94 1571 250 1648 orationis
272 1571 452 1663 elegantia,
475 1571 605 1656 nitore,
621 1594 663 1640 ac
677 1572 898 1660 perspicuitate
909 1567 1082 1641 contudilsi
1092 1588 1108 1656 ,·

93 1677 130 1728 ut
149 1658 200 1726 -illi
223 1659 259 1727 in
281 1675 314 1727 te
335 1680 402 1728 non
427 1657 622 1728 Pontificem
645 1662 745 1728 modo
766 1662 922 1747 reuereri,
959 1659 1008 1728 sed
1030 1679 1105 1727 acii·

92 1744 250 1817 tissimum
272 1744 306 1815 8(
328 1744 565 1827 disertissimum
587 1744 817 1836 philosophum
852 1745 1024 1818 formidare
1056 1743 1107 1814 di·

94 1835 249 1918 d‘iteiint,
270 1834 391 1923 fihique
412 1851 515 1924 operte
538 1835 677 1922 pretium
699 1836 886 1920 habuerint,
921 1856 978 1904 ciii
1000 1833 1107 1930 impu·

94 1921 210 1990 demin
231 1923 261 1991 se
283 1923 342 1999 sua
365 1923 570 2009 poeniteieto
605 1924 775 1995 Aoeeduot
797 1926 909 1992 eodem
937 1942 1020 1990 cura
1043 1920 1112 2018 illae

94 2009 269 2096 maxima,
296 2009 413 2098 quibus
437 2012 552 2081 Romae
575 2009 681 2080 literas
702 2010 909 2096 magnanime
936 2014 1112 2098 promovib'

92 2097 132 2166 sti
148 2108 161 2182 ,'
180 2100 258 2167 dum
281 2117 443 2181 veterem,
465 2117 535 2186 quae
547 2099 704 2183 supererat
718 2101 837 2182 adhue,
858 2099 1038 2168 scholarum
1054 2108 1111 2163 rui

94 2185 238 2266 higinem
260 2202 356 2269 atque
378 2187 556 2268 squalorem
577 2187 729 2268 detergis,
752 2183 1012 2273 gravilsirsiosque
1031 2181 1110 2250 Phi«

96 2270 269 2352 Iosophat,
301 2270 336 2336 8(
357 2268 394 2334 in
415 2268 518 2362 omni.
531 2268 693 2336 literanum
716 2292 828 2355 genere
849 2272 990 2339 subrues
1020 2271 1109 2336 vitos

95 2357 184 2426 velut
210 2355 249 2422 iia
265 2355 351 2424 oi‘oie
371 2352 578 2431 domicilium
600 2368 757 2438 revocas,
780 2356 943 2441 novosque
965 2358 1108 2433 literato·

93 2466 166 2517 rum
189 2443 376 2525 consessus,
405 2439 576 2530 inquibus
597 2462 646 2510 ies
666 2456 796 2530 quaeque
819 2440 1014 2531 gravissimae
1104 2456 1109 2469 '

93 2531 286 2616 tradentur,
308 2531 423 2616 e'o'gis,·
444 2531 529 2617 quod
551 2528 795 2618 intelligasnpk
810 2529 1020 2619 penitissime,
1077 2550 1109 2598 e·

96 2621 250 2708 ligionem
279 2617 533 2701 Christianam,
570 2616 645 2687 idest
675 2616 854 2712 suptdnaiu
885 2619 958 2688 Dei·
979 2616 1108 2704 Sapien-

96 2707 177 2776 tiam
201 2703 411 2793 absconditam
432 2728 453 2772 α
468 2703 588 2793 seculo,
624 2705 659 2774 iii
682 2705 817 2777 Christo
840 2709 968 2776 tandem
992 2703 1107 2792 patefa-

97 2795 199 2877 dlairi,
226 2793 469 2878 Philosophiam
492 2815 557 2861 nou
580 2793 639 2862 ads
674 2792 788 2877 rtiari,
812 2814 911 2879 neque
933 2809 1073 2867 evertere
1096 2845 1107 2879 ,

97 2883 148 2953 sed
170 2882 255 2950 velut
279 2881 490 2967 pedissequam
514 2881 616 2971 inditi
641 2904 716 2951 uam
750 2880 933 2966 adsciscere,
962 2879 995 2950 8(
1029 2903 1108 2968 prae·

98 2971 185 3040 claro
207 2969 370 3036 consortio
391 2968 446 3036 sibi
470 2971 638 3054 copulare.
670 2967 710 3037 In
732 2990 798 3055 quo
822 2990 890 3040 non
921 2970 1022 3039 inodo
1044 2969 1107 3039 iiii·

97 3056 248 3128 mortalia
270 3053 415 3134 Ecclefiae
438 3057 550 3124 decora
564 3057 713 3143 Leones,
735 3056 927 3142 Gregorius,
952 3059 1108 3128 Innocen-

98 3146 185 3229 tios,
220 3143 422 3215 Alexandros
444 3145 656 3216 humanarum
679 3197 694 3233 ,ἵ
733 3144 981 3230 divinarumque
1002 3165 1110 3215 rerum

98 3230 318 3303 scientissimos
341 3231 423 3318 ipsos
443 3232 475 3299 8(
497 3229 761 3327 consultissimus,
783 3231 1015 3321 amantissimos
1031 3251 1109 3298 veto
1187 3292 1190 3299 .

99 3315 267 3389 dodloroiri
289 3316 480 3404 hominum,
503 3335 597 3405 atque
619 3321 822 3390 vehementes
837 3320 1001 3407 literarum
1026 3317 1110 3385 inter

100 3406 285 3476 christianos
307 3405 493 3503 Audsores,
517 3408 608 3493 plane
630 3405 789 3492 imitaris,
809 3417 912 3569 &que
927 3401 1110 3492 exprimis,

99 3494 149 3563 sed
171 3491 293 3563 acutius
314 3510 413 3562 etiam
437 3494 571 3563 rationis
600 3491 633 3561 8(
667 3492 742 3562 fidei
773 3516 815 3579 re
844 3489 1002 3561 otissimos
1032 3487 1111 3570 fiues

99 3583 194 3664 longe
216 3579 410 3667 prospeuas.
434 3581 517 3668 Quae
539 3601 639 3668 quum
663 3577 749 3668 sint,
772 3578 902 3668 quantis
924 3575 1112 3649 nominibus

98 3667 131 3738 8(
157 3666 311 3739 Pontifici
335 3668 495 3754 Summo,
517 3668 552 3740 &
573 3664 724 3786 majeimo
750 3665 970 3752 Philosopho,
992 3664 1111 3734 &lite-

313 3808 316 3813 .
678 3778 704 3838 4
961 3771 1068 3822 rarum
