2414 4102
263 214 497 305 ”rans
557 208 807 304 aaron.
975 230 1010 315 n

55 348 160 434 'Quod
168 346 337 419 Nouatiani
359 349 439 417 tertii
461 345 548 416 seculi
569 343 699 414 haeretici
712 347 861 423 lecerunt,
901 343 932 411 ui
955 364 1050 435 quum

66 429 192 517 legermt
213 432 244 499 in
268 428 350 522 libris
360 429 568 515 Evangelicis,
588 449 658 509 eos,
679 427 829 513 quisemel
850 363 1052 521 resipuerunt,

65 512 89 580 fi
107 517 212 591 iterum
233 510 390 595 excidant,
409 534 469 578 non
489 508 570 596 polle
591 509 701 574 iterum
710 509 888 591 resipiscere,
911 508 947 574 ris
967 506 1051 593 spem

32 626 37 634 ·
64 593 164 664 salutis
186 595 382 671 ademerunt,
402 611 437 659 ut
457 593 496 659 Β.
517 590 690 685 Cyprianus
711 587 789 656 libro
809 592 844 655 de
864 586 948 673 lapfis
970 607 1052 657 retu-

63 674 120 747 lir.
153 672 274 755 Etenim
305 675 386 759 qnod
415 673 549 736 usuvenit
573 671 613 737 ibi
633 669 764 747 dicitur,
795 668 909 737 morale
930 689 1051 739 tantum

60 754 121 838 eil,
141 774 203 821 non
221 750 394 846 physicum.
415 747 535 831 Spesiat
555 754 648 818 etiam
669 749 727 817 lruc
740 745 935 818 Politicorum
955 752 1052 832 illud,

58 830 320 916 Rempublicam,
342 828 362 895 si
382 832 420 896 ad
442 831 650 912 magnitudinis
671 847 839 896 extremum
858 834 976 913 gradum
1008 855 1054 900 er-

54 915 203 998 ueberit,
223 912 296 979 stare
316 932 378 977 non
398 907 502 992 posse,
522 912 602 996 quod
616 907 747 994 summis
767 926 905 1058 nefarium
917 911 959 991 fit
972 855 1054 997 sm

62 995 142 1079 diu,
162 1015 195 1062 ut
217 993 360 1086 loquitur,
373 994 534 1086 Lucanus.
563 990 699 1060 Moralia
718 990 783 1060 baec
816 1008 872 1058 unt
893 996 1054 1075 impossibi-

62 1078 126 1145 lia.
146 1076 203 1144 Sed
222 1072 285 1142 haec
305 1073 435 1141 Critices
458 1068 543 1139 sinit.

55 1172 58 1177 '
93 1157 165 1228 'XL
185 1151 383 1238 Neceffiiri'um
402 1148 566 1235 exſsssenii'ae
586 1177 745 1239 vocamus,
777 1155 860 1244 qnod
888 1151 1056 1223 exfislentiat

63 1238 123 1308 suae
141 1235 241 1307 causas
261 1259 321 1317 non
341 1234 451 1318 habet,
473 1234 613 1321 quodqne
623 1256 737 1321 pugnat
757 1260 820 1305 non
830 1234 982 1304 exussere:
1005 1259 1057 1305 cu·

62 1318 192 1403 jusmodi
213 1317 253 1385 est
272 1316 369 1384 solum
389 1339 438 1384 ens
458 1335 621 1387 aeternnm.
1094 1354 1097 1365 ·

105 1399 199 1468 ichol.
219 1399 390 1488 Vulgarum
409 1397 449 1465 est
468 1419 486 1463 a
508 1397 548 1463 ud
568 1397 768 1483 Philosophus
789 1444 801 1480 ,
829 1421 878 1467 ena
910 1419 1056 1469 aternum

65 1481 229 1565 necesstiate
251 1497 359 1570 nirurae
369 1478 432 1570 seia
446 1418 601 1547 exlislere.
621 1481 919 1564 Significamrautem
941 1480 1057 1550 nonita

66 1561 146 1645 esse,
169 1579 203 1630 ut
222 1577 445 1651 contingentia,
488 1581 534 1627 uit
554 1580 681 1640 vocant,
701 1561 780 1651 quasi
803 1564 845 1629 ita
866 1560 999 1647 exfillat,
1020 1582 1056 1632 ut

107 1643 199 1710 tuerit
219 1665 281 1711 nott
300 1638 449 1725 exsistere,
467 1581 517 1711 led
537 1642 692 1711 necessario
712 1642 858 1712 exsislere:
915 1664 960 1713 uae
980 1645 1057 1731 exsi-

62 1664 154 1792 ffinn
177 1724 327 1818 necessitas
349 1743 444 1819 quum
463 1745 523 1793 nou
545 1742 663 1792 externa
685 1722 740 1807 fit,
775 1723 875 1793 sed'in
935 1728 995 1793 ntis
1016 1752 1056 1795 ae-

63 1807 142 1872 terni
160 1824 287 1883 natura,
309 1805 419 1872 idcirco
438 1825 552 1872 naturae
570 1803 628 1872 sure
648 1806 814 1875 necessitate
831 1804 962 1874 erfislere
983 1807 1058 1875 dici·

64 1904 134 1955 tur.
156 1886 285 1953 Interim
328 1909 400 1954 uum
421 1884 497 1955 hunc
519 1884 656 1971 loquendi
668 1888 791 1954 modum
812 1886 944 1968 Spinoza
964 1889 1001 1955 in
1012 1888 1057 1956 E-

63 1965 148 2035 tbica
171 1967 275 2053 passim
296 1907 434 2065 ulurpet,
468 1985 502 2035 ut
544 1990 617 2062 uum
637 1969 737 2035 scribit
760 1969 860 2035 Deum
889 1969 1056 2037 necessitate

58 2067 178 2117 natura
198 2047 256 2116 suae
277 2047 444 2131 intelligere
463 2055 538 2134 post
561 2047 617 2115 iliav
634 2048 760 2132 omnia,
781 2049 950 2117 necessitate
967 2060 1056 2120 na'tu-

65 2152 105 2195 rae
127 2130 269 2196 mundum
290 2129 423 2207 efficere,
446 2129 616 2195 necessitate
636 2140 749 2196 natutae
769 2127 849 2211 sequi
894 2131 952 2198 uod
975 2133 1057 2216 opti·
1137 2194 1140 2201 .

64 2232 153 2275 mum
174 2208 235 2286 esi,
253 2206 447 2292 observetur,
469 2207 498 2270 id
519 2206 614 2270 intelli
637 2229 708 2287 ere,
730 2229 791 2272 nun
810 2153 892 2295 quod
905 2212 987 2275 Deus
1006 2235 1057 2278 ex·

57 2292 155 2354 'terno
177 2286 253 2351 sato
273 2282 466 2362 subjiciatur,
486 2282 535 2348 sed
556 2302 596 2367 qu
656 2283 726 2349 talis
748 2284 1008 2377 strettunatura,
1022 2306 1058 2356 ut

56 2367 121 2436 'isla
141 2389 204 2434 non
262 2364 330 2432 ssint
349 2384 412 2431 non
434 2361 477 2427 ita
497 2362 585 2447 fieri3
616 2382 683 2448 qua·
707 2363 737 2429 in
758 2384 790 2430 re
811 2363 1060 2451 Stoiciscousen

66 2449 125 2517 tit.
147 2447 197 2515 Ita
240 2448 348 2529 pinoza
368 2443 428 2531 ipse
447 2463 578 2511 mentem
599 2442 682 2512 suam
704 2445 834 2529 explicat
852 2447 883 2516 in
897 2444 1003 2532 ²'ptimt'i
1013 2450 1059 2525 E·

56 2528 156 2597 ''thicae
176 2527 275 2596 Schol.
296 2525 349 2590 Sed
370 2525 432 2593 haec
452 2525 520 2595 loco
540 2523 615 2594 suo.
879 2530 882 2537 '

106 2610 198 2679 xit..
210 2603 409 2688 Neceffiiiium
429 2602 553 2688 effiiiriu
572 2606 630 2688 est,
650 2608 1058 2697 qmdelsentiamhabetim-

65 2689 265 2771 mutabilem,
286 2691 364 2772 quod
386 2687 480 2756 solum
503 2708 645 2757 aetemum
664 2688 722 2772 est,
749 2707 787 2758 ut
808 2691 948 2777 praeclare
967 2691 1060 2762 Plato

47 2773 172 2839 docet.
192 2772 278 2840 Nam
318 2790 490 2859 natumque
510 2768 576 2836 sunt
595 2768 696 2851 sadla,
717 2788 750 2839 ut
770 2793 822 2855 per
843 2770 871 2840 se
891 2796 951 2840 nnn
971 2770 1060 2858 sunt,

59 2854 110 2919 ·ita
132 2851 287 2919 mutabilia
298 2791 394 2918 lunt.
416 2853 474 2918 Sed
493 2871 532 2944 an
553 2852 722 2919 necessitate
741 2870 867 2941 natura
883 2875 973 2921 omne
1007 2866 1058 2927 ent

68 2951 212 3002 aeternum
233 2931 268 2996 sit
289 2929 543 2998 incommutabile
556 2932 624 3016 ira,
658 2951 694 2999 ut
714 2951 840 3020 nequeat
870 2932 940 3017 fingi
971 2954 1057 3005 aeter·

65 3035 139 3084 num
159 3010 325 3089 mutabile,
345 3011 437 3080 alias.
460 3011 544 3079 Nam
566 3035 747 3103 quamquam
769 3014 799 3079 id
821 3028 930 3084 veteres
950 3014 1058 3089 Pliilo.

64 3095 150 3243 sugg
171 3115 275 3162 omnes
296 3088 449 3175 latentur,
468 3113 501 3159 at
522 3115 623 3161 revera
643 3092 699 3160 suis
719 3093 878 3177 systematis
897 3108 1010 3183 negare
1025 3103 1056 3168 id

66 3179 95 3243 vi
152 3193 231 3254 tut,
260 3175 331 3242 dum
352 3195 456 3240 eorum
476 3173 596 3259 plurimi
626 3176 786 3241 materiam
806 3193 944 3261 aeternam
966 3226 977 3260 ‚
1004 3180 1057 3248 sed

66 3257 241 3324 mutabilem
285 3254 434 3320 slatunnt.

106 3337 203 3403 Xlll.
226 3305 430 3403 bseceslatium
450 3336 487 3403 ad
506 3333 698 3418 exfilsentiiem
718 3337 824 3407 dicitur
845 3341 895 3424 id,
918 3341 978 3406 fine
992 3363 1055 3427 quo

64 3417 147 3485 aliud
165 3416 294 3484 etfistere
313 3419 418 3505 nequit
438 3466 464 3511 .,
482 3416 530 3486 Ita
551 3416 573 3485 fi
593 3441 654 3486 non
675 3415 821 3488 exsiliente
841 3423 898 3501 A,
929 3436 1057 3506 nequeat

64 3496 192 3569 exsistere
214 3499 265 3577 B,
295 3516 360 3568 tum
381 3501 414 3569 A
435 3499 548 3566 dicetur
574 3497 762 3571 necessarium
792 3504 829 3568 ad
858 3501 1056 3572 exfislentiam

64 3605 101 3644 ri
124 3578 171 3645 Β.
199 3578 476 3649 Demonstrabimus
495 3579 547 3648 suo
567 3578 635 3649 loco
656 3604 709 3646 eris
728 3602 861 3650 aeternum
884 3579 1057 3667 intelligens

63 3654 329 3827 effq'ssceffilium
348 3663 386 3731 ad
407 3659 601 3730 exfislentiam
620 3663 722 3812 mungi
744 3664 808 3747 ita,
826 3680 858 3730 ut
880 3661 935 3732 illo
955 3661 1035 3734 subla

128 3780 133 3787 ·
173 3764 228 3808 om.
267 3790 276 3811 .
961 3763 996 3811 to
