2414 4102
90 232 141 310 :⁸²⁸
210 252 234 309 4
367 227 938 302 PROLEGOMENA.

172 342 297 422 darent,
319 334 484 424 curiositate
506 338 633 408 novandi
656 339 684 406 in
704 339 840 409 absurdas
859 338 1014 412 sententiar
1036 387 1048 427 ,
1069 345 1102 413 ἃ
1121 345 1153 414 in

175 417 272 501 ipsum
292 417 485 487 Atheismum
527 419 631 504 rolapst
650 419 738 487 sunt.

210 496 240 580 §.
259 518 291 582 7.
313 501 361 567 ne
380 498 473 566 Meth
513 502 596 569 oad·
609 503 684 569 hanc
703 501 865 570 scientiam
874 503 1058 584 perveniendi
1080 527 1152 573 con·

167 580 291 647 tendunt
314 578 507 662 Philosophi.
540 582 684 651 Platonici
703 603 722 648 a
742 592 849 656 natura
873 583 1153 667 Dcinincipiendum

191 673 331 738 utacum,
352 680 418 728 enm
439 661 480 729 ob
501 663 666 744 rationem,
687 664 766 747 quod
786 663 818 728 in'
840 659 913 732 Deo·
927 661 1151 748 sint'rationes,¹

166 681 201 805 g
221 737 323 832 oaniiae
342 762 442 833 rerum
462 744 597 810 omnium
616 745 760 828 genericae
812 748 886 833 qdaa
907 745 1013 811 idcirco
1030 746 1082 831 qui
1101 769 1154 814 co·

161 858 164 863 >
203 835 320 902 ovent,
341 843 364 887 rs
386 826 521 919 ninnium
531 823 742 919 nobilissimam
761 790 934 907 l³apimtiarn
943 824 1152 919 conseqnetnr.

201 916 268 992 cmo
286 900 348 983 eil,
379 925 430 989 qur
454 904 616 974 Platonicis
636 929 696 974 non
716 905 919 986 assentiretur,
949 902 970 969 sr
991 903 1152 974 sacrirorenr

162 980 279 1046 aditum
299 984 336 1046 ad
360 985 420 1051 Dei
441 985 605 1066 notitiam,
647 1010 716 1054 narn
739 987 788 1071 qni
811 985 851 1047 est
872 985 908 1046 ad
928 984 1152 1064 sapientiamti-

162 1057 361 1154 niversalern,
383 1061 599 1155 patefecissent,
619 1009 686 1133 scio
707 1084 755 1128 eos
776 1061 973 1154 contendisse,
991 1084 1045 1128 nos
1065 1088 1151 1134 mun.

164 1142 236 1217 dum
259 1141 318 1207 Det
340 1138 557 1224 intelligibilem
582 1139 943 1224 participatumnabere,
965 1163 997 1208 rn
1017 1165 1078 1230 qno
1099 1168 1152 1213 ve·

164 1243 204 1288 rae
224 1221 372 1368 sagientiae
392 1222 537 1304 principia
557 1219 724 1303 dignoscere
744 1217 912 1289 valeamus.
946 1222 1027 1288 Hinc
1045 1223 1152 1292 Socra·

161 1321 223 1384 tas,
281 1301 413 1386 iotinnt',
447 1301 630 1381 Alcinous,
653 1299 894 1368 Malcbranchius
915 1301 1100 1372 secessionem
1128 1329 1150 1374 a

162 1382 264 1464 sensu,
285 1381 319 1447 ἃ
339 1385 485 1479 corporeis
507 1385 545 1449 ad
568 1382 658 1450 animi
678 1381 815 1448 interiora
837 1383 940 1467 passim
949 1385 1148 1469 praecipiunt.

160 1463 222 1530 Sed
240 1464 302 1530 haec
322 1462 450 1548 speciosa
471 1486 519 1529 nra
542 1463 675 1546 insunt,
718 1485 788 1530 narn
798 1485 886 1531 vera.
908 1466 987 1549 Quis
1009 1466 1150 1533 enimto-

160 1565 248 1636 rqtrr,
293 1544 323 1610 ui
343 1545 421 1612 serio
441 1485 692 1628 philoiophatur,
736 1566 776 1612 arc
798 1544 827 1610 in
847 1545 951 1612 animo
972 1544 1023 1636 suo
1054 1547 1151 1627 vidit,

157 1620 214 1689 nrsr
237 1565 299 1706 polll
320 1648 390 1692 uam
409 1648 444 1692 tx
466 1649 485 1708 p
505 1625 692 1694 rtictalaribus
715 1623 833 1707 haufit,
854 1623 1009 1709 &subtili
1031 1631 1148 1694 rarione

146 1703 285 1772 confecit
298 1646 322 1769 s.
344 1706 431 1799 itaut·
447 1649 556 1774 insnum
578 1705 612 1772 stt
633 1708 661 1772 in
682 1705 921 1799 hacliterarum
942 1707 1149 1799 Europeatnm

159 1783 227 1852 lnce
247 1785 477 1870 systemata-alla
500 1785 684 1869 Philosopho
704 1785 758 1852 ulli
777 1785 893 1868 placere
914 1787 1057 1868 potuisse.

206 1864 237 1961 §.
259 1870 287 1937 8.
311 1865 435 1937 Reslius
456 1868 550 1949 igitur
568 1867 695 1934 sentiunt
716 1867 757 1948 ii,
779 1867 830 1953 qui
852 1867 1000 1949 analytica
1021 1868 1094 1946 via,
1114 1866 1148 1933 &

159 1963 276 2015 ratione
294 1971 329 2015 cx
351 1949 432 2016 rebus
455 1946 542 2014 saliis
565 1948 694 2016 inslituta
714 1950 751 2012 ad
774 1948 850 2013 hanc
872 1945 1024 2015 scientiam
1033 1967 1152 2014 conten·

126 2038 129 2045 ’
158 2027 285 2117 dendutn
306 2030 429 2094 docentt
453 2029 493 2094 est
511 2029 589 2095 enirn
612 2027 674 2095 haec
694 2028 820 2107 certior,
841 2027 1026 2093 &securior.
1048 2029 1150 2110 Quin-

161 2125 257 2174 immo
277 2129 370 2195 quum
380 2108 522 2191 sapientia
543 2107 595 2175 illa
618 2111 738 2187 innata,
759 2106 899 2173 &lumen
920 2109 1065 2174 internum
1081 2106 1152 2174 Pla·

158 2187 362 2272 tonicorum,
392 2187 446 2255 nist
465 2211 503 2257 eo
524 2190 647 2257 nomine
668 2185 728 2272 ipsa
750 2189 827 2256 ratio
848 2187 882 2253 δε
902 2189 947 2253 vis
963 2187 1149 2270 intelligendi

161 2267 346 2353 accipiatur,
376 2291 442 2355 quae
486 2267 600 2339 rosello
621 2271 720 2337 divina
741 2290 786 2335 res
807 2267 867 2348 est,
894 2267 949 2335 fint
978 2288 1149 2336 commenta

160 2343 326 2418 hominurn
340 2367 405 2416 atra
428 2293 486 2418 bii}
507 2350 734 2429 laborantium,
766 2349 847 2414 nulla
868 2348 982 2441 reliqua
1010 2349 1048 2413 eli
1069 2352 1118 2415 via
1138 2397 1150 2433 ,

124 2475 127 2480 -
180 2450 218 2493 ua
238 2429 381 2510 sapientia
403 2432 574 2498 universalis
595 2432 708 2515 acquiri
721 2427 825 2507 possit,
845 2425 1062 2509 ntsrsensuum,
1084 2451 1148 2495 tne-

158 2445 332 2592 iitationis,
353 2530 445 2598 atque
465 2509 668 2588 conjesiurae.
690 2510 771 2573 Hinc
784 2507 814 2570 in
838 2504 1067 2574 adolescentibus
1077 2509 1150 2576 Me·

159 2589 377 2671 taphysrcarum
407 2613 503 2657 rernm
524 2587 652 2657 studiofis
683 2588 812 2670 exigitur
832 2585 1149 2668 Mathematicarum,

159 2666 193 2733 ἃ
215 2671 404 2754 Physicatum
425 2669 646 2754 disciplinarum
666 2666 784 2737 scientia
807 2666 928 2752 aliqua.
1089 2751 1095 2763 ι

207 2747 236 2832 §·
257 2775 288 2837 9.
309 2753 413 2820 Miror
436 2752 558 2819 interim
580 2751 678 2817 vinnm
697 2746 820 2817 dolium
841 2747 970 2816 Paulum
991 2749 1150 2817 Mathrarn

160 2829 258 2898 Doria
280 2836 350 2916 (a),
372 2855 464 2920 quum
486 2832 602 2927 egregia
624 2828 784 2912 docuisset,
816 2829 855 2896 ab
876 2829 931 2896 hac
951 2827 1070 2898 scientia
1093 2830 1149 2912 hy·

138 2911 292 2992 ,porheses
311 2936 415 2982 omnes
435 2913 607 2980 arbitrarras
627 2911 842 2992 eliminandas,
862 2911 1024 2994 addidisse,
1044 2933 1093 2979 eos
1113 2933 1148 2976 o-

156 3011 260 3070 mnes,
281 2997 334 3080 qui
356 2996 402 3061 via
425 3018 442 3061 a
463 2994 547 3061 nobis
566 2995 677 3058 tradita
699 2994 712 3070 (
724 2989 751 3074 §.
775 2993 828 3073 8.)
849 2995 887 3058 ad
907 2990 1145 3075 Metaphyficam

153 3074 357 3157 contendunt,
378 3097 437 3142 non
458 3073 536 3157 posse
555 3096 616 3141 non
640 3072 751 3140 levibus
775 3073 815 3156 hy
856 3071 982 3141 thefibus
1002 3070 1148 3136 &ruino-

155 3145 188 3214 fis
209 3148 377 3237 a'dh'aererc,
399 3153 480 3234 cujus
501 3156 543 3222 rei
564 3153 733 3235 exemplum
776 3177 809 3221 ro
821 3173 866 3220 ert
887 3153 1051 3234 Johannem
1082 3152 1143 3216 lo·
1181 3200 1188 3225 ί,

158 3228 281 3316 ckium,
302 3234 376 3320 qui,
402 3235 518 3323 inquit,
538 3254 636 3302 tonarn
658 3233 738 3301 suam
748 3176 988 3315 steraphyficam
1010 3231 1040 3296 in
1049 3253 1083 3297 ea
1092 3229 1147 3296 lia-
1178 3228 1183 3255 ¹

160 3311 220 3388 tuit
238 3309 417 3460 lizpothesi,
453 3334 575 3387 mentem
597 3312 687 3397 instar
707 3317 813 3382 tabula
839 3313 922 3378 nuda
943 3328 1043 3402 corpur
1055 3311 1147 3393 subi·
1189 3380 1193 3386 ⁵

160 3393 245 3466 ”ti
280 3420 299 3460 a
336 3418 370 3460 ue
389 3419 486 3463 omnes
521 3398 609 3479 ensa,
631 3396 669 3460 (J
690 3393 882 3463 meditatione
900 3415 1066 3474 acquirere.

145 3561 149 3567 Ι
200 3469 230 3554 §.
254 3486 300 3544 to.¹
316 3418 410 3543 itinn
432 3479 511 3545 enirn
531 3478 628 3546 minus
648 3496 782 3547 accurate
801 3474 887 3543 scribi
907 3472 1030 3557 potuit.
1061 3473 1146 3568 Nam

387 3620 391 3625 .
643 3615 647 3622 .
1049 3575 1117 3637 prr--

174 3662 1140 3688 mmm-...numanam-

528 3717 625 3803 ssyfrca
647 3727 855 3802 Propugnatae.
