2414 4102
202 282 204 286 .
290 209 540 291 “PARS
600 209 843 282 PRIOR.
1005 230 1046 295 49

107 327 303 399 inlidunt.
324 323 362 389 cle
379 322 578 390 communibus
594 325 823 418 principiiscep.
832 331 863 392 6.
886 320 1010 401 scribit,
1030 348 1088 389 cer-

112 432 193 489 tum,
211 411 249 474 Θ
269 404 426 473 indubium
446 403 520 485 effe,
549 404 699 488 quidquid
718 405 803 471 hader
822 407 944 489 causam
966 408 1092 483 efficien-

113 512 186 569 tem,
204 490 295 556 etiam
317 486 419 551 hubae
431 486 546 567 finam,
574 505 690 569 propter
710 508 795 564 quem
812 491 870 567 fir,
901 488 981 569 quod
1001 487 1091 571 quid·

111 573 181 657 quid
200 567 355 659 efficitur,
384 569 516 648 alicujus
531 569 635 650 gratia
650 568 769 648 semper
789 568 950 647 efficiatur,
983 569 1012 632 id
1035 569 1092 632 elle

111 674 214 719 uerum
235 667 361 728 nequit,
380 647 432 715 nili
453 649 682 714 iuautecellum
704 665 816 728 ponas,
847 667 864 710 a
885 651 954 714 Deo
976 651 1092 717 summa

105 735 223 800 rarione
243 747 278 791 ac
297 731 435 795 libertate
454 731 637 794 omniafieri
658 766 672 805 ,1
699 727 779 807 quod
812 742 920 804 ponere
941 752 1000 795 non
1025 734 1092 810 pol.

105 815 200 888 suut,
231 810 339 887 qui'ex
359 809 466 872 finibus
489 811 589 873 Deum
619 811 675 874 elle
696 809 897 871 demonstrare
917 814 1090 889 aggrediun-

98 912 190 962 rur.¹
204 890 309 969 Atque
328 891 397 954 iude
417 887 528 953 latium
549 891 609 965 eti,
629 910 664 954 ut
683 907 740 966 ego
760 888 818 952 hoc
840 906 1016 966 argumento
1036 914 1092 958 uo·
1177 938 1180 945 .

109 970 218 1038 luerim
239 969 304 1047 uti,
322 966 376 1033 nili
399 970 429 1034 iu
451 968 556 1034 Tereia
574 987 680 1052 parre,
699 966 851 1053 postquam
874 967 986 1034 scilicet
1004 974 1096 1039 Fata-

113 1050 192 1120 lillar
210 1048 427 1119 'confortaverim
450 1049 483 1114 in
501 1049 626 1129 prima.
929 1064 934 1073 ·

416 1212 449 1280 C
488 1212 524 1279 A
564 1213 602 1279 Ρ.
682 1213 783 1282 VH.

245 1386 289 1443 De
308 1373 429 1458 Spurio,
450 1373 590 1459 Infinita,
610 1373 773 1443 Durerione
791 1375 830 1441 <9⁶
851 1386 962 1444 Motu.

113 1536 237 1608 LXIV.
334 1540 463 1606 Oramus
483 1539 629 1618 extensum
649 1538 845 1620 quodcunque
879 1555 932 1604 aut
964 1540 994 1605 iu
1027 1539 1092 1608 lott-

353 1641 445 1701 gum,
465 1637 516 1687 aut
535 1621 567 1685 iu
587 1621 704 1698 larum,
724 1634 776 1686 aut
794 1620 826 1684 iu
839 1619 1016 1700 protundum
1040 1645 1092 1702 pa-

112 1716 177 1770 tet:
199 1701 337 1782 spacium
357 1723 429 1767 vero
447 1703 525 1783 quod
545 1700 721 1783 tripliciter,
741 1703 850 1781 louge,
869 1703 948 1783 late,
970 1702 1091 1784 prolun-

112 1784 153 1850 de
171 1783 320 1847 extensum
342 1783 401 1849 est.
839 1787 843 1795 '

154 1865 247 1939 schol.
268 1863 434 1929 Notionem
456 1863 539 1943 spatii
558 1863 670 1941 oculis,
690 1863 724 1928 δι
743 1861 827 1930 tallu
835 1863 943 1943 percipi
965 1865 1092 1944 vixpro·

113 1944 235 2010 batione
254 1963 339 2023 eget.
363 1944 440 2008 lllud
461 1964 576 2010 tantum
597 1944 836 2023 observandum,
855 1948 1007 2010 notionem
1030 1947 1093 2025 spa-

113 2027 277 2106 tii,·quam
298 2024 422 2091 seufibus
443 2028 638 2107 percipimus,
668 2024 820 2091 uutioueto
843 2028 899 2090 elie
920 2026 1005 2104 spatii
1026 2049 1093 2092 corn

112 2107 223 2186 porei.
254 2106 359 2185 Quum
389 2123 489 2172 autem
511 2106 627 2172 'veteres
653 2108 773 2183 quidam
803 2123 894 2185 atque
915 2108 1091 2172 recentiores

114 2185 309 2259 Philoloplri,
330 2202 435 2260 praeter
451 2185 630 2261 materiam,
649 2185 776 2259 spatium
796 2187 943 2261 quoddam
965 2189 1092 2249 immen-

116 2264 204 2340 sum,
224 2260 429 2338 incorporeum
450 2263 506 2322 elle
525 2277 651 2337 putent,
670 2261 733 2331 ejus
743 2278 824 2323 certe
845 2262 949 2336 notio,
970 2281 1004 2326 ut
1014 2265 1091 2326 idem

114 2356 219 2409 mouet
239 2341 415 2418 Lucretius,
435 2361 495 2404 nou
516 2339 618 2418 seusu,
653 2338 701 2402 led
714 2339 822 2419 sagaci
842 2339 955 2405 ratione
975 2362 1094 2421 compa·

114 2442 217 2491 rator:
248 2421 288 2487 eli
306 2420 385 2486 euim
405 2421 489 2486 notio
507 2419 670 2498 abllradia,
700 2422 946 2500 quemadmodum
978 2422 1098 2503 Linea,

113 2506 148 2571 dt
168 2503 336 2584 Superficiei
356 2504 432 2582 apud
454 2501 651 2579 Geometras,
680 2521 746 2580 quae
765 2501 821 2566 elle
841 2504 955 2582 potest,
975 2508 1090 2570 etiamsi

114 2587 237 2667 spartum
258 2583 332 2650 illud
353 2584 556 2665 incorporeum
577 2602 637 2648 nou
659 2581 793 2649 exsultat.
815 2583 935 2650 Samuel
944 2584 1092 2651 Clarkioc

114 2667 148 2733 iu
168 2665 365 2732 Trallatioue
385 2669 421 2731 de
442 2663 614 2746 Eefislenria
643 2659 682 2728 dt·
697 2665 866 2730 Attriburis'
890 2666 946 2732 Dei
974 2665 1091 2744 opinari

116 2747 234 2811 uidetur
253 2747 350 2829 ideam
364 2746 462 2828 spatii
483 2746 598 2826 irfiuiti
619 2745 752 2809 innatam
772 2744 850 2820 effe.
883 2747 976 2826 Quod
1007 2744 1027 2808 li
1051 2747 1091 2811 ita

114 2824 278 2904 iutelligit,
307 2829 554 2906 quemadmodum
578 2825 738 2916 Epicurei,
767 2823 800 2889 ἃ
830 2829 922 2891 Stoici
954 2826 1093 2893 notiones

113 2910 233 2974 innatas
252 2910 415 2984 vocabant,
435 2924 485 2972 aut
505 2926 575 2986 quas
590 2923 717 2985 primurn
738 2906 851 2984 seusus,
871 2911 952 2972 nulla
963 2909 1087 2974 aliorum

116 2986 321 3063 iullitutioue,
341 2988 494 3064 releruut;
524 3006 575 3053 aut
596 2989 632 3052 ad
652 3008 723 3068 quas
743 2990 943 3068 percipiendas
963 2987 1021 3067 ipsa
1042 3013 1088 3057 re-

114 3088 182 3137 rum
203 3084 309 3135 uatura
330 3068 462 3153 ducimur
482 3088 602 3148 omues;
623 3090 682 3134 ooo
702 3069 901 3149 refragamur:
924 3086 1094 3138 contrave,-

115 3146 1086 3312 aula?‘llillallare‘alluit‘udl‘lulss

435 3273 446 3307 ἱ
830 3276 841 3311 2
1082 3296 1085 3303 ·

113 3330 280 3378 accurunt.

126 3444 130 3449 .
156 3332 257 3459 Litv.
278 3391 421 3459 soliditas
442 3390 625 3471 Philosophic
642 3391 683 3458 eli
704 3391 856 3459 euertenli
876 3395 1084 3476 qualitar‚qua

116 3468 152 3537 fit
172 3486 206 3561 ut
224 3492 282 3539 uua
301 3472 363 3551 ejus
382 3492 448 3566 pars
467 3472 575 3552 alteri,
595 3493 632 3537 ne
650 3475 786 3539 eumdem
808 3475 904 3541 locum
927 3490 1051 3550 occupet
1073 3515 1086 3546 ,

113 3549 233 3619 maur.
256 3552 431 3634 Autityptan
453 3553 552 3619 Graeci
573 3570 701 3632 uocant,
727 3554 760 3620 lit
781 3554 1014 3638 significandus:
1044 3550 1086 3618 est

112 3628 317 3785 ”imuafflvi
329 3633 373 3701 uis
391 3656 449 3716 qua
468 3635 584 3702 exrenu
600 3653 698 3717 partes
721 3633 779 3784 1s3lri
799 3655 903 3704 mutuo
932 3629 1085 3713 refilium,

215 3724 278 3779 'orm
315 3760 325 3779 .
992 3734 1054 3796 quo
