2414 4102
140 193 183 262 dd
280 186 589 257 tuentur.
625 181 893 255 Murum

102 291 1080 376 summouetunntlrujulnodiordinrsrnrnmututur.

45 510 49 515 ·
386 498 400 530 9

101 535 227 603 niseni
246 531 353 610 affl,
372 533 425 600 nisu
445 555 537 616 quom
557 538 599 600 ita
619 557 667 600 res
687 536 753 600 lunt
771 557 932 616 onnnru,
949 539 1084 604 utuniut

98 618 214 692 iurem
233 613 381 706 oeflrdlio
400 636 437 680 ex
457 617 679 681 relationem
698 615 759 680 ulia
770 615 987 694 urnfieilratur.
1007 617 1082 683 Pri·

99 716 207 772 nunt,
226 714 299 776 quru
317 715 353 761 ea
374 696 481 762 relatio
502 718 562 762 nou
584 698 647 778 eil,
676 697 727 761 ubi
747 699 874 761 alterum
896 696 1084 776 subudum,

97 777 308 859 quodcumque
326 778 389 858 eii,
416 779 531 844 nullutn
550 779 617 843 eil.-
648 781 774 844 alterum
796 798 896 843 tutem
918 777 1080 853 lubuoiium

97 857 137 923 ad
155 859 309 948 ellenriarn
331 860 419 938 primi
440 881 500 924 nou
521 861 675 940 nenium
708 861 809 940 itaque
829 862 945 938 integra
974 859 1083 939 prioris

98 937 223 1017 lubreffl
242 942 363 1007 ridentia
383 941 538 1009 rnnlillrrr
558 941 617 1020 luia
639 942 741 1021 nerle
760 944 854 1020 potest
875 941 936 1006 line
949 962 985 1005 ea
1006 942 1081 1009 reln-

98 1023 206 1085 tione.
229 1022 341 1086 Altera
363 1041 429 1099 nats
448 1024 508 1097 insa
528 1045 582 1101 per
603 1022 633 1087 le
652 1037 755 1101 putet.

140 1102 235 1169 schol.
257 1102 356 1166 Potest
367 1101 456 1177 igitur
466 1123 513 1166 res
522 1105 660 1181 quaelibet
681 1099 937 1176 plurimarhabrre
958 1101 1086 1168 relatio·

100 1204 176 1248 nes.
205 1182 401 1248 Relatiouum
424 1200 523 1245 aurem
546 1202 673 1244 numeru
694 1178 803 1256 audio,
822 1198 876 1244 aut
894 1180 1048 1245 diminuto
1071 1225 1088 1262 ‚

100 1286 137 1329 et
160 1266 327 1330 mutatione
346 1280 448 1324 rarum
470 1281 594 1337 rerum,
613 1257 782 1340 quibuscum
805 1259 962 1325 relationes
982 1263 1049 1326 lunt

98 1345 179 1411 nihil
198 1360 330 1409 mutatur
351 1341 514 1422 inuoluit,
535 1345 634 1422 inqua
653 1339 1004 1432 'relationeslpediamus,
1024 1305 1088 1408 uili

100 1423 123 1491 u
144 1426 187 1492 ita
207 1423 262 1489 fint
280 1443 440 1502 unnnexae,
460 1440 492 1487 ut
512 1438 614 1488 etrum
624 1421 765 1502 periclito
785 1442 821 1486 et
832 1442 935 1487 mutua
957 1422 1083 1488 relatio-

102 1527 141 1569 ne
162 1507 306 1584 pendeat.
328 1505 410 1569 Hine
430 1502 627 1584 intelligitur,
656 1505 707 1583 qui
729 1498 801 1580 fiat,
830 1521 864 1569 ut
886 1505 969 1569 Deus
989 1524 1084 1571 novas

99 1587 214 1667 lumper
233 1588 390 1659 relationes
408 1605 475 1650 rum
497 1587 636 1653 creaturis
656 1584 817 1665 acquirat,
847 1603 898 1648 aur
927 1586 1047 1650 amittat
1069 1629 1084 1664 ,

75 1670 79 1676 ’
100 1687 156 1731 nec
177 1682 278 1730 tamen
298 1683 450 1732 mutetur.
472 1667 590 1733 Contra
613 1662 632 1730 fi
655 1687 700 1730 res
719 1681 825 1729 creatae
844 1661 980 1746 quasdam
1003 1666 1083 1732 rela-

100 1747 199 1813 tiones
220 1748 379 1826 amittant,
399 1747 435 1811 de
455 1747 503 1812 lua
524 1747 704 1826 uerleliione
722 1748 936 1831 deturbeutur.
994 1781 1000 1794 =

135 1829 232 1907 Pron.
254 1827 377 1894 xilv.
400 1828 515 1894 Rerum
531 1826 616 1907 hujus
637 1822 779 1892 Univetfi
789 1826 896 1891 relatio
915 1847 982 1892 cum
996 1825 1083 1894 Cau·

100 1908 131 1975 la
151 1911 246 1986 urina
267 1910 308 1974 ell
328 1909 370 1974 eis
382 1909 567 1989 ellentialis,
588 1909 623 1974 ic
642 1924 706 1973 tota
726 1929 828 1973 rarum
850 1907 1009 1987 persenia.

143 1991 184 2056 D.
197 1990 290 2056 Entia
312 1990 397 2064 hujus
411 1987 547 2054 Univerfi
557 1990 657 2053 omnia
671 1988 736 2055 suut
750 1990 950 2067 contingentia
970 1991 1085 2064 (prop.

100 2147 105 2155 ⁸
122 2093 150 2154 3.
170 2073 183 2152 )
202 2095 214 2151 3
233 2091 305 2148 ergo
325 2070 441 2137 allione
461 2070 552 2136 causae
571 2087 686 2134 arturuae
715 2067 779 2134 suut
809 2068 842 2130 δι
871 2069 1087 2134 conservantur

21 2176 26 2185 ·
98 2094 205 2231 innon.
221 2153 310 2234 ¹5·)3
333 2151 438 2216 relatio
459 2171 531 2230 ergo
550 2149 750 2230 dependentia
769 2148 895 2214 aCausa
916 2148 1082 2214 uteruaell

100 2235 142 2296 eis
161 2232 319 2298 enuntiatis
339 2232 400 2298 &n
422 2231 473 2298 Ar
494 2253 566 2295 vero
586 2251 620 2294 ea
643 2228 776 2304 sublata,
796 2251 857 2295 uon
879 2226 1050 2310 modoperl
1067 2270 1082 2286 .

100 2311 150 2382 &a
172 2335 232 2380 uon
255 2313 346 2391 suut,
366 2312 412 2377 led
435 2333 473 2375 ue
493 2314 549 2377 elle
569 2312 687 2394 quidem
709 2312 842 2390 polluur.

142 2394 349 2472 Prouxuv.
370 2395 401 2456 Si
412 2392 579 2458 uuiversum
591 2391 739 2457 elltotum
752 2392 945 2468 ordinarunt,
965 2390 1082 2458 nullum

101 2476 140 2536 est
153 2476 230 2536 ineo
249 2494 321 2551 ens;
342 2472 422 2548 quod
443 2472 621 2536 nonhabett
641 2472 853 2535 cumomnibus
873 2471 937 2537 aliis
957 2472 1081 2538 relatio-

99 2573 168 2622 nem
191 2553 301 2615 realem
340 2549 477 2630 cujusque
498 2549 709 2627 uerledliouun
730 2553 856 2629 pendeat
876 2553 914 2616 ab
923 2553 1081 2623 omuibus.

142 2634 184 2698 D.
196 2632 222 2698 l.
243 2629 275 2696 Si
285 2594 346 2708 eit,
368 2632 395 2711 id
417 2628 632 2724 parsUuiversr
652 2650 711 2694 uon
726 2631 873 2725 ellunaru
896 2633 1006 2700 relatio
1014 2653 1084 2717 par·

100 2714 139 2778 tir
158 2734 224 2778 cunr
258 2728 325 2778 toto
343 2707 377 2776 dt
399 2708 484 2776 realis
503 2713 543 2777 eli
565 2755 575 2791 ‚
607 2707 642 2774 ἃ
662 2711 817 2777 elleuttalrs
846 2731 958 2779 nature
986 2720 1082 2794 nunu

100 2794 183 2871 (del.
209 2795 300 2873 18.);
329 2791 369 2856 ell
390 2793 481 2872 igitur
501 2808 586 2858 extra
609 2807 728 2871 totum,
748 2792 818 2859 idest
840 2812 922 2859 rutra
944 2796 1082 2864 Univer-

100 2875 188 2955 sum,
206 2875 282 2957 quod
303 2871 343 2940 ell
363 2889 467 2939 contra
488 2871 689 2955 hypothefirn.

142 2957 303 3024 Alterum.
324 2948 474 3020 Puluillo
483 2973 584 3022 earum
615 2953 744 3036 artium,
764 2977 829 3038 quae
850 2955 1081 3027 itacoucatena·

101 3052 138 3101 tu
152 3035 245 3127 lunt,
266 3052 305 3102 ut
320 3055 411 3130 uuum
432 3051 530 3118 toturn
551 2976 722 3103 ordinatum
744 3039 895 3118 efficiunt,
916 3041 954 3104 ab
972 3062 1079 3107 earum

100 3133 249 3192 reciproca
270 3116 413 3184 relatione
423 3117 550 3196 uendrt3
570 3117 611 3183 eil
619 3133 718 3183 autern
740 3120 769 3184 in
781 3119 929 3186 Univerlo
939 3123 1084 3192 ordinato

102 3197 180 3263 inter
188 3215 290 3263 omues
298 3197 360 3273 eius
370 3214 465 3274 nattes
476 3197 581 3264 relatio
601 3199 687 3278 (eth
711 3200 820 3278 uothefi
834 3204 869 3282 );
889 3218 960 3281 ergo
981 3201 1082 3282 fingu-

100 3279 197 3346 larum
207 3278 335 3342 ordinati
348 3277 485 3346 Universr
496 3300 592 3374 return
604 3220 746 3373 perodio
756 3282 863 3363 pendet
874 3284 912 3347 ab
921 3273 1100 3358 omuibuej

144 3359 234 3437 Pron.
255 3356 378 3428 var.
401 3362 525 3431 Relatio
546 3381 644 3451 rerunt
668 3360 753 3440 huius
774 3362 896 3440 mundi,
919 3361 1081 3436 simundus
1121 3432 1125 3441 ,

101 3438 142 3505 est
162 3458 251 3505 uuum
274 3438 500 3524 harmonicum,
527 3441 651 3510 aliarum
672 3465 739 3510 rum
759 3442 825 3511 aliis
845 3446 953 3510 realem
975 3466 1084 3517 earum

103 3519 254 3588 ronllituit
274 3517 507 3602 persediiouenr.
1067 3587 1070 3591 .

144 3600 187 3692 D.
199 3600 867 3688 Nanfiuuudusestuuunlunoueuu,tes
879 3603 1083 3703 hujusmundi
