2414 4102
308 222 822 298 'unasantotn
1007 244 1045 308 37

161 332 309 404 Scholion.
341 332 522 412 Intelligitnt
541 345 641 398 antem
662 329 733 406 ita,
758 351 792 399 ut
812 329 1004 413 petioliiones
1025 332 1086 397 illae

109 416 176 483 ‚fibi
194 436 251 483 non
273 415 481 493 adversentur,
509 413 636 493 alioquin
660 411 758 475 Deom
778 414 999 491 Spiooziliicntn
1020 413 1086 481 effi-

119 500 243 564 ciemus:
267 516 334 560 nam
356 495 483 573 Spinoaa
501 516 589 576 quom
613 493 689 555 hanc
709 490 866 587 substantia
886 495 1008 561 infinitae
1029 516 1084 560 no-

120 582 224 645 tionem
248 575 299 640 sni
318 576 513 651 efformanet,
534 593 568 642 ut
588 592 653 639 eam
676 572 765 638 vellet
785 592 821 635 et
841 575 959 643 infinitis
980 596 1085 643 nnme-

111 676 146 725 m
166 655 317 726 attributis
335 657 522 738 conflatam,
550 674 675 735 qnorum
697 656 937 746 unumquodlibet
968 658 998 724 in
1028 657 1083 722 suo

107 761 219 821 genere
240 735 382 801 infinitam
404 739 526 801 habetet
546 735 715 816 enititum,
736 732 807 796 idell
828 735 966 815 antenfine
985 737 1082 804 infini.

111 840 178 887 tum
202 817 295 895 elaet3
317 819 457 901 conclufit
479 818 632 882 materiam
653 813 986 882 eiseDelattribntom.
1007 820 1083 886 Sunt
1106 850 1109 855 ’

107 900 233 980 qnidam
254 897 304 978 qui
334 897 391 964 hoc
411 897 532 960 nomine
550 896 773 974 descriptionem
796 892 857 959 -Dei
889 895 924 956 ab
946 900 1083 964 Arnobio

109 980 254 1060 prolatam
277 977 513 1055 reprehendunt:
533 996 568 1040 ea
586 973 827 1052 ennujosmodi.
850 973 953 1039 Prima
964 979 1037 1044 enim
1048 1000 1082 1047 tu

111 1059 220 1138 (Deus
238 1059 250 1135 )
268 1059 358 1137 causa
377 1082 430 1140 es,
449 1060 530 1122 locut
549 1068 663 1136 nerim,
680 1055 837 1137 spatium,
857 1055 1084 1131 fundamentum

111 1139 273 1207 cannarum
285 1162 469 1222 quacumque
482 1137 577 1219 sant,
599 1137 757 1220 aninum,
779 1138 951 1216 ingenitus,
971 1137 1086 1219 imman-

110 1219 205 1300 talis‚
225 1239 380 1300 perpetuus
416 1218 522 1301 solun,
549 1244 637 1303 quem
657 1221 743 1283 nulla
760 1217 889 1284 delineat
909 1218 1007 1295 fittma
1027 1242 1086 1285 cot·

108 1302 246 1384 patalis,
276 1303 360 1364 nulia
383 1268 557 1366 interminat
576 1296 800 1381 aiicumscriptio
840 1299 1007 1382 utilitatis,
1036 1320 1084 1366 ext

104 1404 178 1467 pers
198 1380 398 1465 quantitatis,
413 1379 478 1460 fine
495 1379 576 1462 ficu,
596 1399 696 1473 motu,
718 1383 757 1446 (a
776 1323 883 1473 iniitu
904 1381 972 1461 (ὣς
1003 1383 1082 1465 quod

108 1490 142 1526 aa
161 1465 261 1541 lacus,
292 1462 324 1526 δι
338 1461 473 1543 spatium
494 1482 559 1526 nom
581 1461 641 1527 Det
663 1462 867 1542 fimpltotlstma
896 1479 999 1527 natura
1022 1484 1081 1531 non

110 1541 187 1606 bene
207 1543 388 1609 consentiat.
409 1542 465 1607 Sed
488 1541 868 1625 animadvertendometat,
891 1545 1082 1625 Arnobinm,

108 1639 144 1687 ut
163 1623 197 1688 δι
220 1641 333 1688 veteres
351 1623 425 1688 alios
445 1622 620 1701 Theologos
640 1624 719 1702 loqui
753 1623 930 1705 emphatice,
960 1646 1013 1690 nec
1033 1637 1079 1692 ’eo

105 1704 213 1787 lanso,
232 1726 291 1784 quo
311 1726 403 1785 napea
422 1705 539 1786 qnidam
564 1703 734 1783 Philosophi
753 1703 949 1771 extentionem
971 1707 1079 1781 realem

102 1785 178 1850 Deo
197 1787 385 1863 tribuentium
405 1787 441 1851 de
461 1808 518 1868 qna
539 1808 570 1852 te
591 1787 682 1853 alias.

99 1916 107 1929 .
150 1865 304 1932 LXXIX.
324 1868 438 1933 Veritas
458 1871 497 1933 eli
520 1887 569 1933 ant
591 1868 768 1949 Naturalis,
789 1883 840 1934 atat
863 1869 1008 1949 Martiis,
1028 1888 1080 1945 aut

146 1947 235 2029 gica.
258 1947 339 2028 Illa,
360 1969 447 2029 qnam
460 1949 694 2029 Metaphyficam
736 1971 831 2029 unque
851 1948 1019 2031 appeliant,
1039 1953 1079 2021 est

104 2028 167 2105 ipla
186 2053 281 2095 rerum
301 2044 406 2094 natura
427 2048 516 2109 atque
537 2031 658 2095 essentia
680 1971 756 2097 latia
777 2031 848 2097 idean
869 2031 924 2096 lna
944 2050 1079 2117 aeternae,

104 2108 307 2200 seu-elsentiae
326 2111 492 2189 arohnypae
511 2111 691 2184 intelligibili
701 2132 883 2189 congruens.
907 2116 1079 2181 notationi

103 2205 299 2265 congruentia
318 2206 508 2251 externorum
530 2191 676 2265 lignorum
698 2210 764 2249 cnm
786 2193 953 2254 notionibus
968 2195 1080 2272 animi,

105 2268 195 2348 elme
214 2264 375 2343 opponitur
388 2267 571 2326 mendacium
587 2311 596 2327 .
618 2266 724 2342 Logica
735 2269 852 2327 tandem
867 2268 905 2328 eil
915 2290 1080 2348 congruen-

108 2347 153 2413 tia
173 2347 360 2412 essentiarum
384 2344 575 2410 nationalium
597 2360 686 2422 atque
707 2343 900 2416 nominalium
928 2367 994 2410 cum
1017 2369 1081 2413 tea-

102 2428 200 2497 libus.
222 2426 576 2510 Objeiiivamintelligot
599 2443 665 2489 nant
680 2421 824 2512 *formalia
841 2424 880 2489 eli
893 2431 1082 2509 congruentia

99 2508 285 2587 :iudiciorum
307 2530 373 2572 cum
397 2509 467 2589 ideis
487 2507 580 2589 ipfis3
609 2505 713 2585 quinus
733 2503 839 2581 indicia
860 2510 1081 2595 continentur,

98 2613 172 2671 ‚qun
192 2590 295 2664 neouit
317 2611 376 2655 non
398 2590 427 2652 in
448 2588 583 2663 omnibns
604 2586 717 2665 judiciis
731 2586 820 2651 inelte
861 2595 995 2673 modone
1009 2615 1081 2672 ρης.

109 2672 212 2748 cipites
234 2673 318 2736 simus
337 2671 367 2734 in
389 2669 566 2751 judicando,
588 2690 662 2733 nete
683 2639 933 2755 laenocinium,
955 2694 989 2737 ac
1010 2693 1082 2737 con·

108 2749 186 2814 inias
204 2755 339 2829 copulate
359 2753 505 2816 velimus:
526 2749 759 2830 quandoquidem
781 2750 844 2814 fieti
865 2770 925 2818 non
947 2754 1038 2834 potell
1048 2769 1083 2820 ut

108 2828 221 2908 juditia
240 2834 330 2914 ideis,
351 2835 454 2911 quinus
474 2838 685 2907 continentur,
705 2830 739 2894 lit
758 2850 795 2895 ex
814 2850 939 2911 quatum
962 2833 1081 2898 intelle-

106 2910 208 2976 atione
238 2914 420 2994 nalcuntur,
450 2914 572 2976 minime
605 2912 820 2991 respondeant3
856 2913 885 2975 id
907 2914 984 2978 enim
1006 2914 1079 2983 esset

101 2993 187 3058 idean
206 2990 320 3056 fibimet
340 2993 410 3068 ipsas
429 3015 489 3058 non
509 2993 701 3074 respondere,
721 2994 798 3073 quod
822 2992 861 3055 eli
883 2993 1038 3066 aionanot.

148 3072 284 3138 LXXX.
308 3073 425 3137 Bonum
446 3074 664 3156 amalasuinta,
695 3091 745 3138 ant
765 3071 890 3139 relative
910 3073 965 3139 dici
988 3076 1078 3148 solet,

110 3153 189 3219 Illud
211 3154 382 3218 continetur
401 3154 459 3231 ipsa
480 3157 601 3220 entitata
621 3158 685 3233 tei,
706 3153 903 3219 idellinltttni
918 3160 1079 3234 proprieta-

105 3236 203 3318 tibus,
225 3255 383 3314 earumque
391 3235 572 3313 ptaellantia:
595 3237 650 3299 hoc
660 3257 730 3301 veto
740 3235 934 3314 alimoniae,
954 3260 1013 3319 qno
1025 3244 1079 3303 bo-

109 3335 179 3377 num
189 3319 233 3381 tei
248 3315 433 3395 absolutum,
452 3333 502 3381 aut
516 3317 702 3382 conservatur
714 3315 925 3399 annoticum,
945 3334 996 3383 aut
1007 3339 1079 3382 con-

106 3394 252 3463 servari&
262 3394 360 3478 perfici
371 3395 480 3477 potest.
503 3397 658 3480 Itabona,
672 3396 1037 3479 quaeiottunaedioimosin
1048 3398 1078 3464 le

98 3473 359 3571 -qaidenipeliata
368 3526 380 3561 ‚
391 3479 468 3544 bona
480 3477 609 3545 absoluta
623 3481 709 3559 lunt3
729 3478 938 3546 fiveaoaanos
947 3476 1077 3544 toletan.

220 3594 236 3611 .‚.
259 3576 264 3603 ¹.
286 3596 290 3603 .
699 3577 701 3581 ’
854 3586 857 3593 ·
968 3571 1041 3641 [ω’.

143 3714 191 3795 (a)
210 3716 317 3788 Λητώ.
335 3717 390 3789 ut.
413 3743 438 3792 1.
458 3718 532 3795 adu·
551 3726 639 3789 Geni.
