2414 4102
143 224 189 291 ⁶0
284 214 589 289 etuuuur.
619 194 898 293 Maraeu(

104 328 275 397 definitione
305 321 504 393 similitudinis
536 326 706 408 Wolfiana,
737 329 855 411 quaellio
883 329 1012 412 agitetur
1040 335 1080 403 de

107 412 218 475 dnobus
237 418 334 469 cetera
347 402 522 486 similibus,
542 424 731 490 preterquam
753 413 900 476 essentiam
921 413 1081 494 individui,

104 494 172 569 quin
193 506 228 549 en
249 482 302 549 fiut
322 482 487 566 possibilia,
508 510 566 552 non
587 490 732 556 dubitabit
743 493 926 560 leibnitius.
947 493 1078 561 interim

102 572 219 647 legante
236 580 340 658 quarta
362 566 510 660 responsio
532 571 666 637 Clarcltii
688 574 723 637 ad
744 574 926 639 Leibnirium
947 575 1012 656 (a),
1042 576 1079 643 δι

108 670 176 731 quae
193 648 229 707 de
250 662 396 721 principio
415 650 657 723 individuationis
678 653 776 718 scribit
799 654 912 720 Lokios
933 655 997 733 (t).

141 724 333 793 LXXXlIl.
353 728 440 792 Ordo
451 731 489 793 eil
503 731 628 809 plurium
638 736 753 800 entium
764 733 822 799 live
831 737 1078 817 permanentium,

99 806 161 873 fite
182 804 406 871 successurorum
429 809 469 873 ita
495 835 625 880 connexa
646 818 751 895 series,
772 834 806 881 ut
826 820 999 885 antecedens
1020 820 1083 900 ipe·

99 886 162 955 flet
183 886 384 968 consequens,
406 892 581 974 consequens
603 897 636 963 fit
656 897 721 964 finis
742 899 959 979 antecedentis,
980 898 1084 967 omnin

95 988 179 1041 ,reru
201 971 240 1033 ad
260 990 448 1064 communem
469 977 596 1058 aliquem
619 980 708 1045 finem
730 978 838 1043 diredla
861 976 938 1042 fiut.
960 981 1085 1046 Ordinis

99 1051 214 1133 regula!
233 1050 316 1117 llatut
338 1051 456 1145 luleot,
477 1074 511 1120 ut
531 1064 610 1124 entia
621 1060 796 1124 ordinentur
807 1056 942 1123 ratione.
965 1059 991 1123 Ι.
1005 1062 1085 1127 Bre-

104 1134 212 1201 vinee.
233 1134 278 1200 ll.
298 1132 463 1200 faciliore.
486 1137 550 1202 ill.
572 1140 730 1203 Suaviore.
754 1136 815 1202 IV.
838 1136 988 1205 Utiliore.

144 1214 266 1283 LXXX
272 1212 332 1307 lli.
362 1214 495 1279 Plurium
517 1212 650 1281 o'rdinum
673 1216 832 1281 fimilitudu
853 1218 1004 1296 proportio
1024 1238 1079 1298 ap-

102 1296 250 1377 pellatur.
271 1294 316 1360 sn
335 1298 437 1361 eadem
458 1296 533 1360 ratio
553 1299 664 1371 ordinis
683 1299 795 1363 entium
820 1300 873 1373 A,
895 1299 942 1376 B,
964 1299 1007 1376 C,
1033 1302 1079 1380 D,

102 1376 139 1443 δι
160 1378 271 1442 eutium
296 1397 321 1441 r.
343 1398 375 1442 2.
394 1398 423 1459 3.
443 1401 494 1457 4.,
517 1379 593 1443 inter
613 1381 731 1445 ordines
752 1382 817 1444 iilos
837 1382 932 1445 aderit
954 1401 1080 1457 propor-

100 1460 169 1524 tio.
210 1456 324 1521 Eodem
345 1461 435 1522 modo
457 1459 595 1525 Euclides
616 1461 669 1529 lib.
692 1480 719 1544 5.
742 1462 970 1527 Elementorum
994 1460 1082 1525 Geo-

102 1538 238 1616 metriae,
257 1538 406 1631 neruique
428 1540 620 1622 Geometrae,
640 1542 744 1624 quibus
765 1543 916 1623 proportio
929 1542 967 1605 eil
990 1541 1083 1606 ratio-

100 1638 173 1685 num
195 1620 363 1697 aequalttas.
386 1622 554 1687 Hinumeri
575 1647 596 1703 4
617 1649 628 1686 :
656 1646 690 1690 12
713 1650 725 1687 .·
749 1649 761 1687 .·
789 1645 824 1688 ιο
844 1649 856 1685 .·
880 1646 918 1704 30
940 1624 1081 1690 dicontur

101 1700 213 1765 idcireo
233 1700 411 1779 geometrice
431 1705 684 1786 pnrportionales‚
705 1704 774 1784 quia
795 1703 872 1768 ratio
882 1702 967 1779 primi
990 1704 1083 1768 adse.

101 1781 230 1849 nundum
251 1780 291 1845 eli
310 1781 338 1844 ei
358 1784 496 1862 aequalis,
516 1806 605 1865 quarn
628 1787 733 1850 tertius
756 1785 844 1849 habet
864 1786 899 1846 ad
921 1802 1076 1864 quartum.

102 1864 209 1945 Quum
231 1880 326 1927 autem
347 1867 495 1940 quantitas
515 1868 551 1929 ad
568 1866 767 1948 *quantitatem
779 1863 886 1942 duplici
910 1866 1082 1929 modocon.

102 1946 175 2011 ferri
196 1944 300 2025 pullit3
320 1945 572 2026 primoquidem,
592 1969 682 2027 quum
706 1949 895 2024 perspicitur,
916 1946 1080 2024 quomodo

101 2027 199 2109 prima
221 2026 371 2090 larundam
393 2029 565 2103 contineat,
597 2046 649 2092 aut
679 2044 800 2106 quotam
832 2026 895 2101 ejus
923 2024 1080 2088 contineat

102 2124 236 2189 purtem:
257 2104 316 2167 alio
329 2150 339 2184 ,
353 2126 443 2187 quum
466 2109 657 2191 disquiritur,
676 2126 822 2186 quantum
834 2106 927 2169 altera
949 2102 1077 2196 alteram

100 2188 222 2255 excedat
263 2204 316 2252 aut
337 2190 515 2270 etsedarur3
538 2188 632 2267 prima
655 2190 733 2253 ratio
744 2187 935 2252 Geomettica
947 2186 1082 2263 drotur,

101 2271 193 2361 altera
216 2229 438 2337 lititltmetica.
460 2271 556 2336 Ratio
576 2271 692 2336 numeri
713 2270 787 2335 8ad
809 2289 826 2333 z
847 2267 1025 2348 geometrica
1037 2264 1083 2358 eli

102 2352 239 2437 fiprrmo
260 2350 349 2416 modo
369 2354 571 2432 concipiatute
594 2350 779 2427 arithmetica
800 2349 950 2413 saltem.
971 2347 1084 2410 Ratio·

99 2432 147 2501 nis
165 2450 229 2501 erus
250 2430 451 2496 Geometricae
471 2432 620 2510 quantitas
640 2431 679 2493 eil
698 2454 728 2509 4.
749 2425 1081 2495 Arithmeticaeveroo.

106 2514 216 2589 Longe.
236 2510 324 2588 igitur
345 2512 437 2574 altera
458 2513 495 2575 ab
515 2516 606 2575 altera
627 2509 743 2574 differt.
767 2508 872 2586 ltaque
892 2507 1083 2587 duoquoque

101 2596 168 2661 sunt
190 2591 414 2670 proportionum
436 2610 577 2670 genera,¹
596 2588 809 2662 Geometrita‚
839 2587 873 2652 ἃ
896 2587 1079 2653 Arithmeti-

102 2696 157 2743 cu.
177 2673 277 2753 lllaq
298 2697 310 2734 :
338 2693 372 2737 ta
394 2696 406 2735 :
430 2693 440 2735 e
465 2693 509 2736 10.
532 2692 580 2751 30.
602 2667 793 2732 Geometrica
803 2669 842 2731 eil
853 2694 864 2730 :
890 2668 1078 2760 herou-12:

95 2778 143 2823 ·1o
162 2776 172 2817 s
200 2756 236 2817 18
259 2752 479 2825 Aritbmetica.
503 2749 707 2829 Explicuimus
728 2748 790 2812 bac
810 2749 896 2813 latius
916 2767 947 2812 to
970 2749 1082 2817 tralla-

102 2835 237 2903 tiuucula
257 2835 295 2899 de
314 2833 565 2912 Propoetionibus.
589 2831 693 2910 Queri
715 2831 826 2907 pollet,
845 2829 946 2894 ambas
967 2852 1003 2893 tte
1025 2830 1081 2897 hu-

103 2913 229 2996 jusmodi
254 2916 456 2993 proportiones
477 2915 509 2984 itt
527 2913 633 2991 ordine
653 2911 754 2997 mundi
776 2910 911 2991 sequutus
925 2911 1006 2976 Deus
1018 2911 1083 2992 eri,

95 3016 141 3064 uu
164 2994 554 3062 Geumerricamtantuml

96 3130 101 3139 .
146 3076 271 3142 LXXX
279 3077 319 3141 V.
332 3076 459 3142 Pulchra
469 3075 526 3141 diti
539 3076 653 3152 solent,
672 3094 736 3153 quae
744 3072 934 3153 perfessione,
944 3075 1058 3137 unitate
1071 3115 1083 3150 ,

103 3159 228 3234 ordine,
250 3156 477 3238 &proportione
486 3155 634 3237 conflant.
658 3156 833 3219 Pultritudo
843 3155 933 3232 igitur
952 3150 992 3243 eli
1013 3168 1085 3228 apta

101 3239 316 3305 attributorum
326 3281 337 3314 ,
347 3259 399 3307 ant
410 3238 535 3319 partium
549 3236 626 3303 eutis
634 3236 845 3316 congruentia.
866 3235 1084 3375 Quocircafiens

115 3354 118 3359 .
977 3329 1005 3375 ln
1029 3352 1040 3364 .

141 3480 191 3557 (a)
214 3474 332 3545 Recueil
351 3477 388 3542 de
407 3480 538 3561 diverses
557 3479 621 3545 &n
640 3495 710 3558 pag.
732 3479 783 3543 66.

135 3571 183 3635 (ι)
199 3574 256 3627 Lib.
269 3589 290 3625 t.
308 3586 359 3631 tap-
378 3586 414 3629 27·
434 3572 475 3623 ubi
495 3572 582 3633 printi-
613 3572 658 3621 esse
670 3571 695 3621 io
707 3568 798 3621 duobus
807 3560 894 3633 eedem
903 3570 1022 3620 nequem
1033 3558 1082 3631 §.q

104 3632 177 3701 pium
189 3631 392 3685 indiuidtutionis
401 3632 435 3681 ait
450 3635 496 3686 effe
506 3631 581 3692 ipsam
612 3630 701 3681 &alibi
714 3629 793 3686 passim
802 3660 809 3674 .
818 3624 897 3695 aliter
905 3633 985 3694 tannen
997 3620 1085 3692 ronse:

106 3692 365 3755 entisezfistentirm,
379 3708 474 3753 queens
490 3704 583 3751 tempo·
613 3700 684 3743 ruunt
699 3688 784 3742 schole
799 3680 956 3746 russosque,
970 3690 1086 3746 quosque

104 3754 468 3823 numerusnumerous
478 3754 584 3811 uncino
612 3752 664 3811 luten
678 3752 785 3818 penitius
800 3746 863 3802 nuiss
878 3746 964 3819 cupit,
978 3742 1064 3797 edent.
